<?xml version="1.0" encoding="UTF-8"?><collection xmlns="http://www.loc.gov/MARC21/slim"><record><leader>00384nam--2200133-i-4500</leader><controlfield tag="001">000046659</controlfield><controlfield tag="002">20161230</controlfield><controlfield tag="005">20161230201046</controlfield><controlfield tag="008">060222s1000------------r-----000-0-eng-d</controlfield><datafield ind1=" " ind2=" " tag="100"><subfield code="a">Vickery, B.C</subfield></datafield><datafield ind1=" " ind2=" " tag="245"><subfield code="a">Techniques modernes de documentation. anallyse des systemes de recherche de documents</subfield></datafield><datafield ind1=" " ind2=" " tag="260"><subfield code="a">Paris, Dunod, 1962, Xiv+178p</subfield></datafield><datafield ind1=" " ind2=" " tag="490"><subfield code="a">Collection ``Sigma``</subfield></datafield><datafield ind1=" " ind2=" " tag="852"><subfield code="a">18049</subfield></datafield></record></collection>